@misc{AkiraGOLDSAHARA,
  title = {Akira, {{GOLD SAHARA}}, {{PUNK SPIDER}}, {{Group G1024}} {\textbar} {{MITRE ATT}}\&{{CK}}{\textregistered}},
  urldate = {2025-04-07},
  howpublished = {https://attack.mitre.org/groups/G1024/},
  file = {/var/home/egourves/Share/Apps config/Zotero/storage/DP3MKDPI/G1024.html}
}

@misc{AURORAAgentNextron,
  title = {{{AURORA Agent}} - {{Nextron Systems}}},
  urldate = {2025-04-07},
  howpublished = {https://www.nextron-systems.com/aurora/},
  langid = {american},
  file = {/var/home/egourves/Share/Apps config/Zotero/storage/FNERQXV8/aurora.html}
}

@misc{mitrecorporationMITRECalderaScalable2024,
  title = {{{MITRE Caldera}}: {{A Scalable}}, {{Automated Adversary Emulation Platform}}},
  shorttitle = {{{MITRE Caldera}}},
  author = {{MITRE Corporation}},
  year = {2024},
  month = feb,
  urldate = {2025-04-07},
  abstract = {Automated Adversary Emulation Platform},
  copyright = {Apache-2.0}
}

@misc{SigmaHQSigma2025,
  title = {{{SigmaHQ}}/Sigma},
  year = {2025},
  month = apr,
  urldate = {2025-04-07},
  abstract = {Main Sigma Rule Repository},
  howpublished = {Sigma},
  keywords = {elasticsearch,ids,logging,monitoring,security,siem,signatures,splunk,sysmon}
}

@misc{XMLPathLanguage,
  title = {{{XML Path Language}} ({{XPath}}) 3.1},
  urldate = {2025-04-07},
  howpublished = {https://www.w3.org/TR/xpath-31/},
  file = {/var/home/egourves/Share/Apps config/Zotero/storage/PF7J2CHI/xpath-31.html}
}
